
@misc{typescript,
  author       = {Microsoft},
  title        = {TypeScript: JavaScript With Syntax For Types.},
  howpublished = {\url{https://www.typescriptlang.org}},
  note         = {Accessed: 2025-02-04}
}

@misc{ts-doku,
  author       = {Microsoft},
  title        = {TypeScript: Documentation - TypeScript for the New Programmer},
  howpublished = {\url{https://www.typescriptlang.org/docs/handbook/typescript-from-scratch.html}},
  note         = {Accessed: 2025-02-04}
}

@misc{tsconfig,
  author       = {Microsoft},
  title        = {TypeScript: TSConfig Reference - Docs on every TSConfig option},
  howpublished = {\url{https://www.typescriptlang.org/tsconfig/}},
  note         = {Accessed: 2025-02-04}
}
