
@misc{chrome-canary,
  author       = {Google},
  title        = {Chrome Canary-Funktionen für Entwickler– Google Chrome},
  howpublished = {\url{https://www.google.com/chrome/canary/}},
  note         = {Accessed: 2025-02-04}
}

@misc{gemini-nano,
  author       = {Google},
  title        = {Artificial Intelligence | Chrome for Developers},
  howpublished = {\url{https://developer.chrome.com/docs/ai}},
  note         = {Accessed: 2025-02-04}
}

@misc{gemini-nano-apis,
  author       = {Google},
  title        = {Built-in AI APIs | AI on Chrome | Chrome for Developers},
  howpublished = {\url{https://developer.chrome.com/docs/ai/built-in-apis}},
  note         = {Accessed: 2025-02-04}
}

@misc{gemini-nano-build-in-ai,
  author       = {Google},
  title        = {Built-in AI | AI on Chrome | Chrome for Developers},
  howpublished = {\url{https://developer.chrome.com/docs/ai/built-in}},
  note         = {Accessed: 2025-02-04}
}

@misc{gemini-nano-origin-trial,
  author       = {Google},
  title        = {Join the Prompt API for Chrome Extensions origin trial | Blog | Chrome for Developers},
  howpublished = {\url{https://developer.chrome.com/blog/prompt-api-origin-trial}},
  note         = {Accessed: 2025-02-04}
}

@misc{ts-doku,
  author       = {Microsoft},
  title        = {TypeScript: Documentation - TypeScript for the New Programmer},
  howpublished = {\url{https://www.typescriptlang.org/docs/handbook/typescript-from-scratch.html}},
  note         = {Accessed: 2025-02-04}
}

@misc{tsconfig,
  author       = {Microsoft},
  title        = {TypeScript: TSConfig Reference - Docs on every TSConfig option},
  howpublished = {\url{https://www.typescriptlang.org/tsconfig/}},
  note         = {Accessed: 2025-02-04}
}

@misc{typescript,
  author       = {Microsoft},
  title        = {TypeScript: JavaScript With Syntax For Types.},
  howpublished = {\url{https://www.typescriptlang.org}},
  note         = {Accessed: 2025-02-04}
}

@misc{e9c07e38-b076-45df-af6d-c55f66202e7a,
  author       = {www.overleaf.com},
  title        = {Using bibliographies on Overleaf - Overleaf, Online LaTeX Editor},
  howpublished = {\url{https://www.overleaf.com/learn/how-to/Using_bibliographies_on_Overleaf}},
  note         = {Accessed: 2025-01-03}
}